@Comment{Questo file BIB Ã¨ stato generato automaticamente dallo script Python.}

@techreport{ISO2262003,
  number     = {ISO 226:2003},
  type       = {Standard},
  institution = {International Organization for Standardization},
  address    = {Geneva, Switzerland},
  author     = {International Organization for Standardization},
  title      = {Acoustics -- Normal equal-loudness-level contours},
  year       = {2003},
  month      = {Aug},
  note        = {Orig: International Organization for Standardization, "A...}
}

@misc{Branchi1987,
  author     = {W. Branchi, I numeri della musica. Roma},
  year       = {1987},
  note        = {Orig: W. Branchi, I numeri della musica. Roma, Italy: Ed...}
}

